ISA*00*          *00*          *ZZ*63092          *ZZ*56L6           *250329*1803*^*00501*363602201*0*P*:~GS*HP*63092*56L6*20250329*1803*1*X*005010X221A1~ST*835*000000001~BPR*H*0*C*NON******1751450535******20250327~TRN*1*25086B100003817400*1751450535~REF*EV*760443692~DTM*405*20250328~N1*PR*HEALTHSPRING~N3*500 GREAT CIRCLE RD~N4*NASHVILLE*TN*37228~REF*2U*63092~REF*EO*452579291~PER*CX*BUSINESS*TE*6159999999~PER*BL*TECHNICAL*TE*6159999999~N1*PE*INFECTIOUS DISEASES & TRAVEL MEDICINE SPECIALIST P*FI*760443692~N3*12025 LOUETTA RD STE B~N4*HOUSTON*TX*77070~REF*TJ*760443692~LX*0~CLP*32498*1*2000.00*0**OF*250801958200*21*1~NM1*QC*1*DELEON*ROSALIA****MI*36904170~NM1*82*1*EL-SAGBINI*FADY~REF*1L*C006~DTM*050*20250319~SVC*HC:99222*2000.00*0**0**1~DTM*472*20250123~CAS*CO*236*2000.00~REF*6R*120460~SE*27*000000001~GE*1*1~IEA*1*363602201~