ISA*00*          *00*          *ZZ*87726          *ZZ*56L6           *250331*0403*^*00501*363814333*0*P*:~GS*HP*87726*56L6*20250331*0403*1*X*005010X221A1~ST*835*000000001~BPR*H*0*C*NON************20250402~TRN*1*T0573338*1411289245*000087726~REF*EV*B00099999800~DTM*405*20250328~N1*PR*UNITED HEALTHCARE OF ALL STATES~N3*9900 BREN ROAD~N4*MINNETONKA*MN*553439664~REF*2U*87726~PER*CX*UNITEDHEALTHCARE SERVICES INC AND ITS AFFILIATES*TE*8778423210~PER*BL**UR*WWW.UNITEDHEALTHCAREONLINE.COM/B2C/CONTACTUS.DO~N1*PE*INFECTIOUS DISEASES & TRAVEL MEDICINE PA*FI*760443692~N3*12025 LOUETTA RD STE B~N4*HOUSTON*TX*770701149~REF*TJ*760443692~LX*1~CLP*35381*19*1350.00*0**16*PNX4898555900*21*1~NM1*QC*1*SAAVEDRA*EZEQUIEL****MI*900905462~NM1*74*1*SAAVEDRA VARGAS*ESEQUIEL~NM1*82*1*RAVAL*BRIJESH*A~NM1*TT*2*WELLMED MEDICAL MANAGEMENT INC*****PI*WELM2~MOA***N418~REF*1L*90131~REF*CE*UHC DUAL COMPLETE ALLY FD~DTM*232*20241229~DTM*050*20250311~SVC*HC:99222*1350.00*0**1~DTM*472*20241229~CAS*CO*B11*1350.00~REF*6R*127193~LQ*HE*N418~SE*32*000000001~GE*1*1~IEA*1*363814333~