ISA*00*          *00*          *ZZ*04412          *ZZ*56L6           *250322*0703*^*00501*359371151*0*P*:~GS*HP*04412*56L6*20250322*0703*1*X*005010X221A1~ST*835*000000001~BPR*H*0*C*NON************20250324~TRN*1*475424173*1205296137~REF*EV*E12029~DTM*405*20250321~N1*PR*TX MEDICARE PART B~N3*PO BOX 3110~N4*MECHANICSBURG*PA*170551826~REF*2U*04412~PER*CX**TE*8552528782~PER*BL*NOVITAS SOLUTIONS, INC. EDI SERVICES*TE*8552528782*EX*1*EM*WEBSITEEDI@NOVITAS-SOLUTIONS.COM~N1*PE*INFECTIOUS DIS & TRAVEL MEDC*FI*760443692~N3*STE B*12025 LOUETTA RD~N4*HOUSTON*TX*770701149~REF*TJ*760443692~LX*1~CLP*33602*2*700.00*0*700.00*MB*2825077447440*21*1~NM1*QC*1*LIVELY*BETTY JAN****MI*5U20M08XR04~NM1*82*1~MOA***MA01~DTM*050*20250318~SVC*HC:99232*700.00*0****1~DTM*472*20250220~CAS*PR*26*700.00~REF*LU*21~REF*6R*123547~CLP*35456*2*700.00*0*700.00*MB*2825077447450*21*1~NM1*QC*1*LIVELY*BETTY JAN****MI*5U20M08XR04~NM1*82*1~MOA***MA01~DTM*050*20250318~SVC*HC:99232*700.00*0****1~DTM*472*20250228~CAS*PR*26*700.00~REF*LU*21~REF*6R*127565~CLP*33605*2*700.00*0*700.00*MB*2825077447460*21*1~NM1*QC*1*LIVELY*BETTY JAN****MI*5U20M08XR04~NM1*82*1~MOA***MA01~DTM*050*20250318~SVC*HC:99232*700.00*0****1~DTM*472*20250223~CAS*PR*26*700.00~REF*LU*21~REF*6R*123550~SE*47*000000001~GE*1*1~IEA*1*359371151~